<?xml version="1.0" encoding="utf-8"?>
<record xmlns="http://www.loc.gov/MARC21/slim" xmlns:xsi="http://www.w3.org/2001/XMLSchema-instance" xsi:schemaLocation="http://www.loc.gov/MARC21/slim http://www.loc.gov/standards/marcxml/schema/MARC21slim.xsd">
	<leader>     nam a22     Mi 4500</leader>
	<controlfield tag="001">14629</controlfield>
	<controlfield tag="003">aeadna</controlfield>
	<controlfield tag="006">m        d        </controlfield>
	<controlfield tag="007">cr cn |||m|||a</controlfield>
	<controlfield tag="008">220921s1907    ua 0   foar  a00  |dara u</controlfield>
	<datafield ind1=" " ind2=" " tag="040">
		<subfield code="a">ZYU</subfield>
		<subfield code="b">ara</subfield>
		<subfield code="c">ZYU</subfield>
	</datafield>
	<datafield ind1="0" ind2=" " tag="041">
		<subfield code="a">ara</subfield>
	</datafield>
	<datafield ind1=" " ind2="4" tag="050">
		<subfield code="a">PJ6031</subfield>
		<subfield code="b">.S8 1907</subfield>
	</datafield>
	<datafield ind1="0" ind2="0" tag="082">
		<subfield code="a">410</subfield>
		<subfield code="b">21</subfield>
	</datafield>
	<datafield ind1="1" ind2=" " tag="100">
		<subfield code="6">880-01</subfield>
		<subfield code="a">Suyūṭī,</subfield>
		<subfield code="d">1445-1505.</subfield>
	</datafield>
	<datafield ind1="1" ind2="3" tag="245">
		<subfield code="6">880-02</subfield>
		<subfield code="a">al-Muzhir fī ʻulūm al-lughah wa-anwāʻihā</subfield>
		<subfield code="h">[electronic resource] /</subfield>
		<subfield code="c">lil-ʻallāmah Jalāl al-Dīn al-Suyūṭī, tghammadahu Allāh bi-al-raḥmah wa-al-riḍwān wa-askanahu fasīḥ al-jinān āmīn.</subfield>
	</datafield>
	<datafield ind1=" " ind2=" " tag="260">
		<subfield code="6">880-03</subfield>
		<subfield code="a">al-Qāhirah  :</subfield>
		<subfield code="b">al-Maktabah al-Azhriyah,</subfield>
		<subfield code="c">1325 H. [1907}</subfield>
	</datafield>
	<datafield ind1=" " ind2=" " tag="300">
		<subfield code="6">880-04</subfield>
		<subfield code="a">online resource (331 p.)</subfield>
	</datafield>
	<datafield ind1=" " ind2=" " tag="500">
		<subfield code="a">Non-Latin script record</subfield>
	</datafield>
	<datafield ind1=" " ind2=" " tag="500">
		<subfield code="a">Part of the Arabic Collections Online (ACO) project, contributed by United Arab Emirates National Archives.</subfield>
	</datafield>
	<datafield ind1=" " ind2=" " tag="533">
		<subfield code="a">Electronic reproduction.</subfield>
		<subfield code="b">New York, N.Y. :</subfield>
		<subfield code="c">New York University,</subfield>
		<subfield code="d">2022.</subfield>
		<subfield code="5">NNU</subfield>
	</datafield>
	<datafield ind1=" " ind2="0" tag="650">
		<subfield code="6">880-05</subfield>
		<subfield code="a">Arabic language.</subfield>
	</datafield>
	<datafield ind1="2" ind2=" " tag="710">
		<subfield code="a">Abu Dhabi (United Arab Emirates).</subfield>
		<subfield code="b">National Archives.</subfield>
	</datafield>
	<datafield ind1="0" ind2=" " tag="730">
		<subfield code="a">Arabic Collections Online.</subfield>
	</datafield>
	<datafield ind1="0" ind2="8" tag="776">
		<subfield code="i">Print version:</subfield>
		<subfield code="a">Suyūṭī, 1445-1505.</subfield>
		<subfield code="t">al-Muzhir fī ʻulūm al-lughah wa-anwāʻihā</subfield>
		<subfield code="w">(aeadna)14629</subfield>
	</datafield>
	<datafield ind1="4" ind2="0" tag="856">
		<subfield code="u">http://hdl.handle.net/2333.1/59zw430k</subfield>
	</datafield>
	<datafield ind1="1" ind2=" " tag="880">
		<subfield code="6">100-01</subfield>
		<subfield code="a">السيوطي،</subfield>
		<subfield code="d">1445-1505</subfield>
	</datafield>
	<datafield ind1="1" ind2="2" tag="880">
		<subfield code="6">245-02</subfield>
		<subfield code="a">المزهر في علوم اللغة وانواعها  /</subfield>
		<subfield code="c">للعلامة جلال الدين السيوطي، تغمده الله بالرحمة والرضوان وأسكنه فسيح الجنان آمين.</subfield>
	</datafield>
	<datafield ind1=" " ind2=" " tag="880">
		<subfield code="6">260-03</subfield>
		<subfield code="a">القاهرة :</subfield>
		<subfield code="b">المكتبة الأزهرية،</subfield>
		<subfield code="c">1325هـ. [1907]</subfield>
	</datafield>
	<datafield ind1=" " ind2=" " tag="880">
		<subfield code="6">300-04</subfield>
		<subfield code="a">331ص. ؛</subfield>
		<subfield code="c">20 سم.</subfield>
	</datafield>
	<datafield ind1=" " ind2=" " tag="880">
		<subfield code="6">500-00</subfield>
		<subfield code="a">نبذة من سيرة المؤلف : كان السيوطي من أسرة فارسية. ولد مساء يوم الأحد غرة شهر رجب من سنة 849ه، الموافق سبتمبر من عام 1445م، في القاهرة، من أم عربية ، رحل أبوه من اسيوط لدراسة العلم وهو يعتز بها وبجذوره واسمه عبد الرحمن بن أبي بكر بن محمد الخضيري الأسيوطي، وكان سليل أسرة أشتهرت بالعلم والتدين، وكان أبوه من العلماء الصالحين ذوي المكانة العلمية الرفيعة التي جعلت بعض أبناء العلماء والوجهاء يتلقون العلم على يديه. وقد توفي والد السيوطي ولابنه من العمر ست سنوات، فنشأ الطفل يتيمًا، وأتجه إلى حفظ القرآن، فأتم حفظه وهو دون الثامنة، ثم حفظ بعض الكتب في تلك السن المبكرة مثل العمدة، ومنهاج الفقه والأصول، وألفية ابن مالك، فاتسعت مداركه وزادت معارفه. وكان السيوطي محل العناية والرعاية من عدد من العلماء من رفاق أبيه، وتولى بعضهم أمر الوصاية عليه، ومنهم الكمال بن الهمام الحنفي أحد كبار فقهاء عصره، وتأثر به الفتى تأثرًا كبيرًا خاصة في ابتعاده عن السلاطين وأرباب الدولة.  وقام برحلات علمية عديدة شملت بلاد الحجاز والشام واليمن والهند والمغرب الإسلامي. ثم دَّرس الحديث بالمدرسة الشيخونية. ثم تجرد للعبادة والتأليف عندما بلغ سن الأربعين.</subfield>
	</datafield>
	<datafield ind1=" " ind2=" " tag="880">
		<subfield code="6">520-00</subfield>
		<subfield code="a">المزهر في علوم اللغة وأنواعها كتاب لغوي أدبي. يضم  خمسين نوعًا أو علمًا من علوم اللغة؛ ثمانية راجعة إلى اللغة من حيث الإسناد، وثلاثة عشر راجعةٌ إلى اللغة من حيث الألفاظ، وثلاثة عشر راجعةٌ إلى اللّغة من حيث المعنى، وخمسة راجعةٌ إلى اللغة من حيث لطائفها ومُلَحها، ونوع واحد راجع إلى حفظ اللغة وضَبْط مفاريدها، وثمانية راجعةٌ إلى رجال اللغة ورُواتها، ونوع واحد في معرفة الشعر والشعراء، ونوع واحد في معرفة أغلاط العرب</subfield>
	</datafield>
	<datafield ind1=" " ind2=" " tag="880">
		<subfield code="6">541-00</subfield>
		<subfield code="a">التزويد</subfield>
		<subfield code="b">معرض أبوظبي الدولي للكتاب</subfield>
		<subfield code="c">شراء</subfield>
		<subfield code="d">2004/04/04م.</subfield>
	</datafield>
	<datafield ind1=" " ind2="4" tag="880">
		<subfield code="6">650-05</subfield>
		<subfield code="a">اللغة العربية.</subfield>
	</datafield>
	<datafield ind1=" " ind2=" " tag="880">
		<subfield code="6">949-00</subfield>
		<subfield code="a">410 س  كٍ ز</subfield>
		<subfield code="w">DDC</subfield>
		<subfield code="i">30018000020361</subfield>
		<subfield code="u">04/25/2005</subfield>
		<subfield code="d">04/26/2010</subfield>
		<subfield code="n">0</subfield>
		<subfield code="t">Book</subfield>
		<subfield code="l">av</subfield>
		<subfield code="m">MAIN</subfield>
		<subfield code="x">RAR</subfield>
	</datafield>
	<datafield ind1=" " ind2=" " tag="959">
		<subfield code="a">NNU</subfield>
		<subfield code="b">WEB</subfield>
		<subfield code="c">GENI</subfield>
		<subfield code="t">0</subfield>
		<subfield code="m">Electronic access</subfield>
		<subfield code="s">01</subfield>
	</datafield>
	<datafield ind1=" " ind2=" " tag="999">
		<subfield code="i">aeadna_14629</subfield>
		<subfield code="s">uaena_aco000106:1</subfield>
		<subfield code="e">(ERROR-880)</subfield>
		<subfield code="s">uaena_aco000106:1</subfield>
	</datafield>
</record>
